%YAML 1.1
%TAG !u! tag:unity3d.com,2011:
--- !u!1 &3189947487853004703
GameObject:
  m_ObjectHideFlags: 0
  m_CorrespondingSourceObject: {fileID: 0}
  m_PrefabInstance: {fileID: 0}
  m_PrefabAsset: {fileID: 0}
  serializedVersion: 6
  m_Component:
  - component: {fileID: 7628518016927100984}
  - component: {fileID: 7342774184314408027}
  m_Layer: 0
  m_Name: Level
  m_TagString: Untagged
  m_Icon: {fileID: 0}
  m_NavMeshLayer: 0
  m_StaticEditorFlags: 0
  m_IsActive: 1
--- !u!4 &7628518016927100984
Transform:
  m_ObjectHideFlags: 0
  m_CorrespondingSourceObject: {fileID: 0}
  m_PrefabInstance: {fileID: 0}
  m_PrefabAsset: {fileID: 0}
  m_GameObject: {fileID: 3189947487853004703}
  m_LocalRotation: {x: 0, y: 0, z: 0, w: 1}
  m_LocalPosition: {x: 0, y: 0, z: 10}
  m_LocalScale: {x: 1, y: 1, z: 1}
  m_Children:
  - {fileID: 7468982886591848240}
  - {fileID: 4104716802387352030}
  m_Father: {fileID: 0}
  m_RootOrder: 0
  m_LocalEulerAnglesHint: {x: 0, y: 0, z: 0}
--- !u!114 &7342774184314408027
MonoBehaviour:
  m_ObjectHideFlags: 0
  m_CorrespondingSourceObject: {fileID: 0}
  m_PrefabInstance: {fileID: 0}
  m_PrefabAsset: {fileID: 0}
  m_GameObject: {fileID: 3189947487853004703}
  m_Enabled: 1
  m_EditorHideFlags: 0
  m_Script: {fileID: 11500000, guid: 02bec24743dc74742a6dbbc42e3d850b, type: 3}
  m_Name: 
  m_EditorClassIdentifier: 
  _levelEventTriger: {fileID: 3998477744285297445, guid: 74c120e3fee2126489a3da3761502acb,
    type: 3}
  particleSystemStar: {fileID: 4104716802387352028}
  particleSystemTumanosti: {fileID: 4104716802124680233}
  move: 0
  lvlFallSpeed: 1.5
  disBetweenEvent: 15
--- !u!1 &7656404572184319450
GameObject:
  m_ObjectHideFlags: 0
  m_CorrespondingSourceObject: {fileID: 0}
  m_PrefabInstance: {fileID: 0}
  m_PrefabAsset: {fileID: 0}
  serializedVersion: 6
  m_Component:
  - component: {fileID: 7468982886591848240}
  - component: {fileID: 1044619537787250751}
  m_Layer: 0
  m_Name: BG
  m_TagString: Untagged
  m_Icon: {fileID: 0}
  m_NavMeshLayer: 0
  m_StaticEditorFlags: 0
  m_IsActive: 1
--- !u!4 &7468982886591848240
Transform:
  m_ObjectHideFlags: 0
  m_CorrespondingSourceObject: {fileID: 0}
  m_PrefabInstance: {fileID: 0}
  m_PrefabAsset: {fileID: 0}
  m_GameObject: {fileID: 7656404572184319450}
  m_LocalRotation: {x: 0, y: 0, z: 0, w: 1}
  m_LocalPosition: {x: 0.028, y: 6.7, z: 0}
  m_LocalScale: {x: 0.810888, y: 366.14557, z: 1}
  m_Children: []
  m_Father: {fileID: 7628518016927100984}
  m_RootOrder: 0
  m_LocalEulerAnglesHint: {x: 0, y: 0, z: 0}
--- !u!212 &1044619537787250751
SpriteRenderer:
  m_ObjectHideFlags: 0
  m_CorrespondingSourceObject: {fileID: 0}
  m_PrefabInstance: {fileID: 0}
  m_PrefabAsset: {fileID: 0}
  m_GameObject: {fileID: 7656404572184319450}
  m_Enabled: 1
  m_CastShadows: 0
  m_ReceiveShadows: 0
  m_DynamicOccludee: 1
  m_MotionVectors: 1
  m_LightProbeUsage: 1
  m_ReflectionProbeUsage: 1
  m_RenderingLayerMask: 1
  m_RendererPriority: 0
  m_Materials:
  - {fileID: 10754, guid: 0000000000000000f000000000000000, type: 0}
  m_StaticBatchInfo:
    firstSubMesh: 0
    subMeshCount: 0
  m_StaticBatchRoot: {fileID: 0}
  m_ProbeAnchor: {fileID: 0}
  m_LightProbeVolumeOverride: {fileID: 0}
  m_ScaleInLightmap: 1
  m_PreserveUVs: 0
  m_IgnoreNormalsForChartDetection: 0
  m_ImportantGI: 0
  m_StitchLightmapSeams: 0
  m_SelectedEditorRenderState: 0
  m_MinimumChartSize: 4
  m_AutoUVMaxDistance: 0.5
  m_AutoUVMaxAngle: 89
  m_LightmapParameters: {fileID: 0}
  m_SortingLayerID: 0
  m_SortingLayer: 0
  m_SortingOrder: 0
  m_Sprite: {fileID: 21300000, guid: 24673c0745cb47440aa2c2864e70a8a0, type: 3}
  m_Color: {r: 1, g: 1, b: 1, a: 1}
  m_FlipX: 0
  m_FlipY: 0
  m_DrawMode: 0
  m_Size: {x: 14.4, y: 25.6}
  m_AdaptiveModeThreshold: 0.5
  m_SpriteTileMode: 0
  m_WasSpriteAssigned: 1
  m_MaskInteraction: 0
  m_SpriteSortPoint: 0
--- !u!1001 &3136113924669129873
PrefabInstance:
  m_ObjectHideFlags: 0
  serializedVersion: 2
  m_Modification:
    m_TransformParent: {fileID: 7628518016927100984}
    m_Modifications:
    - target: {fileID: 1401557164508536142, guid: 7a1a804c348db98468e86d20d5c0c17a,
        type: 3}
      propertyPath: m_Name
      value: BG_effect_star
      objectReference: {fileID: 0}
    - target: {fileID: 1401557164508536143, guid: 7a1a804c348db98468e86d20d5c0c17a,
        type: 3}
      propertyPath: m_LocalPosition.x
      value: 0.5844594
      objectReference: {fileID: 0}
    - target: {fileID: 1401557164508536143, guid: 7a1a804c348db98468e86d20d5c0c17a,
        type: 3}
      propertyPath: m_LocalPosition.y
      value: 6.1
      objectReference: {fileID: 0}
    - target: {fileID: 1401557164508536143, guid: 7a1a804c348db98468e86d20d5c0c17a,
        type: 3}
      propertyPath: m_LocalPosition.z
      value: -5
      objectReference: {fileID: 0}
    - target: {fileID: 1401557164508536143, guid: 7a1a804c348db98468e86d20d5c0c17a,
        type: 3}
      propertyPath: m_LocalRotation.x
      value: -0
      objectReference: {fileID: 0}
    - target: {fileID: 1401557164508536143, guid: 7a1a804c348db98468e86d20d5c0c17a,
        type: 3}
      propertyPath: m_LocalRotation.y
      value: -0
      objectReference: {fileID: 0}
    - target: {fileID: 1401557164508536143, guid: 7a1a804c348db98468e86d20d5c0c17a,
        type: 3}
      propertyPath: m_LocalRotation.z
      value: 1
      objectReference: {fileID: 0}
    - target: {fileID: 1401557164508536143, guid: 7a1a804c348db98468e86d20d5c0c17a,
        type: 3}
      propertyPath: m_LocalRotation.w
      value: 0
      objectReference: {fileID: 0}
    - target: {fileID: 1401557164508536143, guid: 7a1a804c348db98468e86d20d5c0c17a,
        type: 3}
      propertyPath: m_RootOrder
      value: 1
      objectReference: {fileID: 0}
    - target: {fileID: 1401557164508536143, guid: 7a1a804c348db98468e86d20d5c0c17a,
        type: 3}
      propertyPath: m_LocalEulerAnglesHint.x
      value: 0
      objectReference: {fileID: 0}
    - target: {fileID: 1401557164508536143, guid: 7a1a804c348db98468e86d20d5c0c17a,
        type: 3}
      propertyPath: m_LocalEulerAnglesHint.y
      value: 0
      objectReference: {fileID: 0}
    - target: {fileID: 1401557164508536143, guid: 7a1a804c348db98468e86d20d5c0c17a,
        type: 3}
      propertyPath: m_LocalEulerAnglesHint.z
      value: 180
      objectReference: {fileID: 0}
    m_RemovedComponents: []
  m_SourcePrefab: {fileID: 100100000, guid: 7a1a804c348db98468e86d20d5c0c17a, type: 3}
--- !u!4 &4104716802387352030 stripped
Transform:
  m_CorrespondingSourceObject: {fileID: 1401557164508536143, guid: 7a1a804c348db98468e86d20d5c0c17a,
    type: 3}
  m_PrefabInstance: {fileID: 3136113924669129873}
  m_PrefabAsset: {fileID: 0}
--- !u!198 &4104716802387352028 stripped
ParticleSystem:
  m_CorrespondingSourceObject: {fileID: 1401557164508536141, guid: 7a1a804c348db98468e86d20d5c0c17a,
    type: 3}
  m_PrefabInstance: {fileID: 3136113924669129873}
  m_PrefabAsset: {fileID: 0}
--- !u!198 &4104716802124680233 stripped
ParticleSystem:
  m_CorrespondingSourceObject: {fileID: 1401557164211259576, guid: 7a1a804c348db98468e86d20d5c0c17a,
    type: 3}
  m_PrefabInstance: {fileID: 3136113924669129873}
  m_PrefabAsset: {fileID: 0}
